% Journals

% First the Full Name is given, then the abbreviation used in the AMS Math
% Reviews, with an indication if it could not be found there.
% Note the 2nd overwrites the 1st, so swap them if you want the full name.

 %{AMS}
 @String{AMSTrans = "American Mathematical Society Translations" }
 @String{AMSTrans = "Amer. Math. Soc. Transl." }
 @String{BullAMS = "Bulletin of the American Mathematical Society" }
 @String{BullAMS = "Bull. Amer. Math. Soc." }
 @String{ProcAMS = "Proceedings of the American Mathematical Society" }
 @String{ProcAMS = "Proc. Amer. Math. Soc." }
 @String{TransAMS = "Transactions of the American Mathematical Society" }
 @String{TransAMS = "Trans. Amer. Math. Soc." }

 %ACM
 @String{CACM = "Communications of the {ACM}" }
 @String{CACM = "Commun. {ACM}" }
 @String{CompServ = "Comput. Surveys" }
 @String{JACM = "J. ACM" }
 @String{ACMMathSoft = "{ACM} Transactions on Mathematical Software" }
 @String{ACMMathSoft = "{ACM} Trans. Math. Software" }
 @String{SIGNUM = "{ACM} {SIGNUM} Newsletter" }
 @String{SIGNUM = "{ACM} {SIGNUM} Newslett." }

 @String{AmerSocio = "American Journal of Sociology" }
 @String{AmerStatAssoc = "Journal of the American Statistical Association" }
 @String{AmerStatAssoc = "J. Amer. Statist. Assoc." }
 @String{ApplMathComp = "Applied Mathematics and Computation" }
 @String{ApplMathComp = "Appl. Math. Comput." }
 @String{AmerMathMonthly = "American Mathematical Monthly" }
 @String{AmerMathMonthly = "Amer. Math. Monthly" }
 @String{BIT = "{BIT}" }
 @String{BritStatPsych = "British Journal of Mathematical and Statistical
          Psychology" }
 @String{BritStatPsych = "Brit. J. Math. Statist. Psych." }
 @String{CanMathBull = "Canadian Mathematical Bulletin" }
 @String{CanMathBull = "Canad. Math. Bull." }
 @String{CompApplMath = "Journal of Computational and Applied Mathematics" }
 @String{CompApplMath = "J. Comput. Appl. Math." }
 @String{CompPhys = "Journal of Computational Physics" }
 @String{CompPhys = "J. Comput. Phys." }
 @String{CompStruct = "Computers and Structures" }
 @String{CompStruct = "Comput. \& Structures" }
 @String{CompJour = "The Computer Journal" }
 @String{CompJour = "Comput. J." }
 @String{CompSysSci = "Journal of Computer and System Sciences" }
 @String{CompSysSci = "J. Comput. System Sci." }
 @String{Computing = "Computing" }
 @String{ContempMath = "Contemporary Mathematics" }
 @String{ContempMath = "Contemp. Math." }
 @String{Crelle = "Crelle's Journal" }
 @String{GiornaleMath = "Giornale di Mathematiche" }
 @String{GiornaleMath = "Giorn. Mat." } % didn't find in AMS MR., ibid.

 %IEEE
 @String{Computer = "{IEEE} Computer" }
 @String{IEEETransComp = "{IEEE} Transactions on Computers" }
 @String{IEEETransComp = "{IEEE} Trans. Comput." }
 @String{IEEETransAC = "{IEEE} Transactions on Automatic Control" }
 @String{IEEETransAC = "{IEEE} Trans. Automat. Control" }
 @String{IEEESpec = "{IEEE} Spectrum" } % didn't find in AMS MR
 @String{ProcIEEE = "Proceedings of the {IEEE}" }
 @String{ProcIEEE = "Proc. {IEEE}" } % didn't find in AMS MR
 @String{IEEETransAeroElec = "{IEEE} Transactions on Aerospace and Electronic
     Systems" }
 @String{IEEETransAeroElec = "{IEEE} Trans. Aerospace Electron. Systems" }

 @String{IMANumerAna = "{IMA} Journal of Numerical Analysis" }
 @String{IMANumerAna = "{IMA} J. Numer. Anal." }
 @String{InfProcLet = "Information Processing Letters" }
 @String{InfProcLet = "Inform. Process. Lett." }
 @String{InstMathApp = "Journal of the Institute of Mathematics and
     its Applications" }
 @String{InstMathApp = "J. Inst. Math. Appl." }
 @String{IntControl = "International Journal of Control" }
 @String{IntControl = "Internat. J. Control" }
 @String{IntNumerEng = "International Journal for Numerical Methods in
     Engineering" }
 @String{IntNumerEng = "Internat. J. Numer. Methods Engrg." }
 @String{IntSuper = "International Journal of Supercomputing Applications" }
 @String{IntSuper = "Internat. J. Supercomputing Applic." } % didn't find
%% in AMS MR
 @String{Kibernetika = "Kibernetika" }
 @String{JResNatBurStand = "Journal of Research of the National Bureau
     of Standards" }
 @String{JResNatBurStand = "J. Res. Nat. Bur. Standards" }
 @String{LinAlgApp = "Linear Algebra and its Applications" }
 @String{LinAlgApp = "Linear Algebra Appl." }
 @String{MathAnaAppl = "Journal of Mathematical Analysis and Applications" }
 @String{MathAnaAppl = "J. Math. Anal. Appl." }
 @String{MathAnnalen = "Mathematische Annalen" }
 @String{MathAnnalen = "Math. Ann." }
 @String{MathPhys = "Journal of Mathematical Physics" }
 @String{MathPhys = "J. Math. Phys." }
 @String{MathComp = "Mathematics of Computation" }
 @String{MathComp = "Math. Comp." }
 @String{MathScand = "Mathematica Scandinavica" }
 @String{MathScand = "Math. Scand." }
 @String{TablesAidsComp = "Mathematical Tables and Other Aids to Computation" }
 @String{TablesAidsComp = "Math. Tables Aids Comput." }
 @String{NumerMath = "Numerische Mathematik" }
 @String{NumerMath = "Numer. Math." }
 @String{PacificMath = "Pacific Journal of Mathematics" }
 @String{PacificMath = "Pacific J. Math." }
 @String{ParDistComp = "Journal of Parallel and Distributed Computing" }
 @String{ParDistComp = "J. Parallel and Distrib. Comput." } % didn't find
%% in AMS MR
 @String{ParComputing = "Parallel Computing" }
 @String{ParComputing = "Parallel Comput." }
 @String{PhilMag = "Philosophical Magazine" }
 @String{PhilMag = "Philos. Mag." }
 @String{ProcNAS = "Proceedings of the National Academy of Sciences
                    of the USA" }
 @String{ProcNAS = "Proc. Nat. Acad. Sci. U. S. A." }
 @String{Psychometrika = "Psychometrika" }
 @String{QuartMath = "Quarterly Journal of Mathematics, Oxford, Series (2)" }
 @String{QuartMath = "Quart. J. Math. Oxford Ser. (2)" }
 @String{QuartApplMath = "Quarterly of Applied Mathematics" }
 @String{QuartApplMath = "Quart. Appl. Math." }
 @String{RevueInstStat = "Review of the International Statisical Institute" }
 @String{RevueInstStat = "Rev. Inst. Internat. Statist." }

 %SIAM
 @String{JSIAM = "Journal of the Society for Industrial and Applied
     Mathematics" }
 @String{JSIAM = "J. Soc. Indust. Appl. Math." }
 @String{JSIAMB = "Journal of the Society for Industrial and Applied
     Mathematics, Series B, Numerical Analysis" }
 @String{JSIAMB = "J. Soc. Indust. Appl. Math. Ser. B Numer. Anal." }
 @String{SIAMAlgMeth = "{SIAM} Journal on Algebraic and Discrete Methods" }
 @String{SIAMAlgMeth = "{SIAM} J. Algebraic Discrete Methods" }
 @String{SIAMAppMath = "{SIAM} Journal on Applied Mathematics" }
 @String{SIAMAppMath = "{SIAM} J. Appl. Math." }
 @String{SIAMComp = "{SIAM} Journal on Computing" }
 @String{SIAMComp = "{SIAM} J. Comput." }
 @String{SIAMMatrix = "{SIAM} Journal on Matrix Analysis and Applications" }
 @String{SIAMMatrix = "{SIAM} J. Matrix Anal. Appl." }
 @String{SIAMNumAnal = "{SIAM} Journal on Numerical Analysis" }
 @String{SIAMNumAnal = "{SIAM} J. Numer. Anal." }
 @String{SIAMReview = "{SIAM} Review" }
 @String{SIAMReview = "{SIAM} Rev." }
 @String{SIAMSciStat = "{SIAM} Journal on Scientific and Statistical
     Computing" }
 @String{SIAMSciStat = "{SIAM} J. Sci. Statist. Comput." }

 @String{SoftPracExp = "Software Practice and Experience" }
 @String{SoftPracExp = "Software Prac. Experience" } % didn't find in AMS MR
 @String{StatScience = "Statistical Science" }
 @String{StatScience = "Statist. Sci." }
 @String{Techno = "Technometrics" }
 @String{USSRCompMathPhys = "{USSR} Computational Mathematics and Mathematical
     Physics" }
 @String{USSRCompMathPhys = "{U. S. S. R.} Comput. Math. and Math. Phys." }
 @String{VLSICompSys = "Journal of {VLSI} and Computer Systems" }
 @String{VLSICompSys = "J. {VLSI} Comput. Syst." }
 @String{ZAngewMathMech = "Zeitschrift fur Angewandte Mathematik und
     Mechanik" }
 @String{ZAngewMathMech = "Z. Angew. Math. Mech." }
 @String{ZAngewMathPhys = "Zeitschrift fur Angewandte Mathematik und Physik" }
 @String{ZAngewMathPhys = "Z. Angew. Math. Phys." }

% Publishers % ================================================= |

 @String{Academic = "Academic Press" }
 @String{ACMPress = "{ACM} Press" }
 @String{AdamHilger = "Adam Hilger" }
 @String{AddisonWesley = "Addison-Wesley" }
 @String{AllynBacon = "Allyn and Bacon" }
 @String{AMS = "American Mathematical Society" }
 @String{Birkhauser = "Birkh{\"a}user" }
 @String{CambridgePress = "Cambridge University Press" }
 @String{Chelsea = "Chelsea" }
 @String{ClaredonPress = "Claredon Press" }
 @String{DoverPub = "Dover Publications" }
 @String{Eyolles = "Eyolles" }
 @String{HoltRinehartWinston = "Holt, Rinehart and Winston" }
 @String{Interscience = "Interscience" }
 @String{JohnsHopkinsPress = "The Johns Hopkins University Press" }
 @String{JohnWileySons = "John Wiley and Sons" }
 @String{Macmillan = "Macmillan" }
 @String{MathWorks = "The Math Works Inc." }
 @String{McGrawHill = "McGraw-Hill" }
 @String{NatBurStd = "National Bureau of Standards" }
 @String{NorthHolland = "North-Holland" }
 @String{OxfordPress = "Oxford University Press" }  %address Oxford or London?
 @String{PergamonPress = "Pergamon Press" }
 @String{PlenumPress = "Plenum Press" }
 @String{PrenticeHall = "Prentice-Hall" }
 @String{SIAMPub = "{SIAM} Publications" }
 @String{Springer = "Springer-Verlag" }
 @String{TexasPress = "University of Texas Press" }
 @String{VanNostrand = "Van Nostrand" }
 @String{WHFreeman = "W. H. Freeman and Co." }

%Entries

@article{Prelec1998,
 ISSN = {00129682, 14680262},
 URL = {http://www.jstor.org/stable/2998573},
 author = {Drazen Prelec},
 journal = {Econometrica},
 number = {3},
 pages = {497--527},
 publisher = {[Wiley, Econometric Society]},
 title = {The Probability Weighting Function},
 urldate = {2024-02-07},
 volume = {66},
 year = {1998}
}

@article{kleinberg202induce,
author = {Kleinberg, Jon and Raghavan, Manish},
title = {How Do Classifiers Induce Agents to Invest Effort Strategically?},
year = {2020},
issue_date = {November 2020},
publisher = {Association for Computing Machinery},
address = {New York, NY, USA},
volume = {8},
number = {4},
issn = {2167-8375},
url = {https://doi.org/10.1145/3417742},
doi = {10.1145/3417742},
journal = {ACM Trans. Econ. Comput.},
month = {oct},
articleno = {19},
numpages = {23},
keywords = {strategic classification, effort allocation, Principal-agent}
}

@inproceedings{bechavod2022information,
  title={Information discrepancy in strategic learning},
  author={Bechavod, Yahav and Podimata, Chara and Wu, Steven and Ziani, Juba},
  booktitle={International Conference on Machine Learning},
  pages={1691--1715},
  year={2022},
  organization={PMLR}
}

@inproceedings{Liu2020disparateequilibria,
author = {Liu, Lydia T. and Wilson, Ashia and Haghtalab, Nika and Kalai, Adam Tauman and Borgs, Christian and Chayes, Jennifer},
title = {The disparate equilibria of algorithmic decision making when individuals invest rationally},
year = {2020},
isbn = {9781450369367},
publisher = {Association for Computing Machinery},
address = {New York, NY, USA},
url = {https://doi.org/10.1145/3351095.3372861},
doi = {10.1145/3351095.3372861},
booktitle = {Proceedings of the 2020 Conference on Fairness, Accountability, and Transparency},
pages = {381–391},
numpages = {11},
keywords = {dynamics, fairness, machine learning, statistical discrimination},
location = {Barcelona, Spain},
series = {FAT* '20}
}

@inproceedings{Hardt2016strategic,
author = {Hardt, Moritz and Megiddo, Nimrod and Papadimitriou, Christos and Wootters, Mary},
title = {Strategic Classification},
year = {2016},
isbn = {9781450340571},
publisher = {Association for Computing Machinery},
address = {New York, NY, USA},
url = {https://doi.org/10.1145/2840728.2840730},
doi = {10.1145/2840728.2840730},
booktitle = {Proceedings of the 2016 ACM Conference on Innovations in Theoretical Computer Science},
pages = {111–122},
numpages = {12},
keywords = {learning theory, game theory, classification},
location = {Cambridge, Massachusetts, USA},
series = {ITCS '16}
}

@inproceedings{Hu2019disparate,
author = {Hu, Lily and Immorlica, Nicole and Vaughan, Jennifer Wortman},
title = {The Disparate Effects of Strategic Manipulation},
year = {2019},
isbn = {9781450361255},
publisher = {Association for Computing Machinery},
address = {New York, NY, USA},
url = {https://doi.org/10.1145/3287560.3287597},
doi = {10.1145/3287560.3287597},
booktitle = {Proceedings of the Conference on Fairness, Accountability, and Transparency},
pages = {259–268},
numpages = {10},
keywords = {strategic classification, fairness in machine learning},
location = {Atlanta, GA, USA},
series = {FAT* '19}
}


@InProceedings{pmlr-v162-zhang22l,
  title = 	 {Fairness Interventions as ({D}is){I}ncentives for Strategic Manipulation},
  author =       {Zhang, Xueru and Khalili, Mohammad Mahdi and Jin, Kun and Naghizadeh, Parinaz and Liu, Mingyan},
  booktitle = 	 {Proceedings of the 39th International Conference on Machine Learning},
  pages = 	 {26239--26264},
  year = 	 {2022},
  editor = 	 {Chaudhuri, Kamalika and Jegelka, Stefanie and Song, Le and Szepesvari, Csaba and Niu, Gang and Sabato, Sivan},
  volume = 	 {162},
  series = 	 {Proceedings of Machine Learning Research},
  month = 	 {17--23 Jul},
  publisher =    {PMLR},
  pdf = 	 {https://proceedings.mlr.press/v162/zhang22l/zhang22l.pdf},
  url = 	 {https://proceedings.mlr.press/v162/zhang22l.html},
}

@inproceedings{fokkema2024risksrecoursebinaryclassification,
  title={The Risks of Recourse in Binary Classification},
  author={Fokkema, Hidde and Garreau, Damien and van Erven, Tim},
  booktitle={International Conference on Artificial Intelligence and Statistics},
  pages={550--558},
  year={2024},
  organization={PMLR}
}

@inproceedings{Perdomo2020performative,
author = {Perdomo, Juan C. and Zrnic, Tijana and Mendler-D\"{u}nner, Celestine and Hardt, Moritz},
title = {Performative prediction},
year = {2020},
publisher = {JMLR.org},
booktitle = {Proceedings of the 37th International Conference on Machine Learning},
articleno = {704},
numpages = {11},
series = {ICML'20}
}

@article{Camacho2011manipulation,
Author = {Camacho, Adriana and Conover, Emily},
Title = {Manipulation of Social Program Eligibility},
Journal = {American Economic Journal: Economic Policy},
Volume = {3},
Number = {2},
Year = {2011},
Month = {May},
Pages = {41–65},
DOI = {10.1257/pol.3.2.41},
URL = {https://www.aeaweb.org/articles?id=10.1257/pol.3.2.41}}

@inproceedings{Milli2019socialcost,
author = {Milli, Smitha and Miller, John and Dragan, Anca D. and Hardt, Moritz},
title = {The Social Cost of Strategic Classification},
year = {2019},
isbn = {9781450361255},
publisher = {Association for Computing Machinery},
address = {New York, NY, USA},
url = {https://doi.org/10.1145/3287560.3287576},
doi = {10.1145/3287560.3287576},
booktitle = {Proceedings of the Conference on Fairness, Accountability, and Transparency},
pages = {230–239},
numpages = {10},
keywords = {Strategic classification, fairness, machine learning},
location = {Atlanta, GA, USA},
series = {FAT* '19}
}

@article{Strubell_Ganesh_McCallum_2020, 
title={Energy and Policy Considerations for Modern Deep Learning Research}, 
volume={34}, 
url={https://ojs.aaai.org/index.php/AAAI/article/view/7123}, 
DOI={10.1609/aaai.v34i09.7123}, 
number={09}, 
journal={Proceedings of the AAAI Conference on Artificial Intelligence}, 
author={Strubell, Emma and Ganesh, Ananya and McCallum, Andrew}, 
year={2020}, 
month={Apr.}, 
pages={13693-13696} 
}

@article{MAHADEVAN2024111610,
title = {Cost-aware retraining for machine learning},
journal = {Knowledge-Based Systems},
volume = {293},
pages = {111610},
year = {2024},
issn = {0950-7051},
doi = {https://doi.org/10.1016/j.knosys.2024.111610},
url = {https://www.sciencedirect.com/science/article/pii/S0950705124002454},
author = {Ananth Mahadevan and Michael Mathioudakis},
keywords = {Machine learning, Resource-aware computing},
}

@article{gonzalez1999shape,
  title={On the shape of the probability weighting function},
  author={Gonzalez, Richard and Wu, George},
  journal={Cognitive psychology},
  volume={38},
  number={1},
  pages={129--166},
  year={1999},
  publisher={Elsevier}
}

@article{POLKOVNICHENKO2013580,
title = {Probability weighting functions implied in options prices},
journal = {Journal of Financial Economics},
volume = {107},
number = {3},
pages = {580-609},
year = {2013},
issn = {0304-405X},
doi = {https://doi.org/10.1016/j.jfineco.2012.09.008},
url = {https://www.sciencedirect.com/science/article/pii/S0304405X12001936},
author = {Valery Polkovnichenko and Feng Zhao},
keywords = {Pricing kernel, Nonparametric estimation, Probability weighting, Rank-dependent utility},
}

@article{gonccalves2019definition,
  title={On the definition of likelihood function},
  author={Gon{\c{c}}alves, Fl{\'a}vio B and Franklin, Pedro},
  journal={arXiv preprint arXiv:1906.10733},
  year={2019}
}

@article{shepp1966radonnikodym,
 ISSN = {00034851},
 URL = {http://www.jstor.org/stable/2238606},
 author = {L. A. Shepp},
 journal = {The Annals of Mathematical Statistics},
 number = {2},
 pages = {321--354},
 publisher = {Institute of Mathematical Statistics},
 title = {Radon-Nikodym Derivatives of Gaussian Measures},
 urldate = {2024-07-29},
 volume = {37},
 year = {1966}
}

@article{krosnick2018questionnaire,
  title={Questionnaire design},
  author={Krosnick, Jon A},
  journal={The Palgrave handbook of survey research},
  pages={439--455},
  year={2018},
  publisher={Springer}
}

@article{lietz2010researchinto,
author = {Petra Lietz},
title ={Research into Questionnaire Design: A Summary of the Literature},
journal = {International Journal of Market Research},
volume = {52},
number = {2},
pages = {249-272},
year = {2010},
doi = {10.2501/S147078530920120X},
URL = {https://doi.org/10.2501/S147078530920120X},
eprint = {https://doi.org/10.2501/S147078530920120X}
}


@article{obermeyer2019bias,
author = {Ziad Obermeyer  and Brian Powers  and Christine Vogeli  and Sendhil Mullainathan },
title = {Dissecting racial bias in an algorithm used to manage the health of populations},
journal = {Science},
volume = {366},
number = {6464},
pages = {447-453},
year = {2019},
doi = {10.1126/science.aax2342},
URL = {https://www.science.org/doi/abs/10.1126/science.aax2342},
eprint = {https://www.science.org/doi/pdf/10.1126/science.aax2342}
}

@Article{Hassani2021,
author={Hassani, Bertrand K.},
title={Societal bias reinforcement through machine learning: a credit scoring perspective},
journal={AI and Ethics},
year={2021},
month={Aug},
day={01},
volume={1},
number={3},
pages={239-247},
issn={2730-5961},
doi={10.1007/s43681-020-00026-z},
url={https://doi.org/10.1007/s43681-020-00026-z}
}

@article{mehrabi2021survey,
author = {Mehrabi, Ninareh and Morstatter, Fred and Saxena, Nripsuta and Lerman, Kristina and Galstyan, Aram},
title = {A Survey on Bias and Fairness in Machine Learning},
year = {2021},
issue_date = {July 2022},
publisher = {Association for Computing Machinery},
address = {New York, NY, USA},
volume = {54},
number = {6},
issn = {0360-0300},
url = {https://doi.org/10.1145/3457607},
doi = {10.1145/3457607},
journal = {ACM Comput. Surv.},
month = {jul},
articleno = {115},
numpages = {35},
keywords = {representation learning, natural language processing, machine learning, deep learning, Fairness and bias in artificial intelligence}
}

@article{doshivelez2019accountabilityailawrole,
  title={Accountability of AI under the law: The role of explanation},
  author={Doshi-Velez, Finale and Kortz, Mason and Budish, Ryan and Bavitz, Chris and Gershman, Sam and O'Brien, David and Scott, Kate and Schieber, Stuart and Waldo, James and Weinberger, David and others},
  journal={arXiv preprint arXiv:1711.01134},
  year={2017}
}

@Article{Rudin2019,
author={Rudin, Cynthia},
title={Stop explaining black box machine learning models for high stakes decisions and use interpretable models instead},
journal={Nature Machine Intelligence},
year={2019},
month={May},
day={01},
volume={1},
number={5},
pages={206-215},
issn={2522-5839},
doi={10.1038/s42256-019-0048-x},
url={https://doi.org/10.1038/s42256-019-0048-x}
}

@inproceedings{kumar2020shapproblem,
author = {Kumar, I. Elizabeth and Venkatasubramanian, Suresh and Scheidegger, Carlos and Friedler, Sorelle A.},
title = {Problems with Shapley-value-based explanations as feature importance measures},
year = {2020},
publisher = {JMLR.org},
booktitle = {Proceedings of the 37th International Conference on Machine Learning},
articleno = {509},
numpages = {10},
series = {ICML'20}
}

@inproceedings{lakkaraju2020fool,
author = {Lakkaraju, Himabindu and Bastani, Osbert},
title = {"How do I fool you?": Manipulating User Trust via Misleading Black Box Explanations},
year = {2020},
isbn = {9781450371100},
publisher = {Association for Computing Machinery},
address = {New York, NY, USA},
url = {https://doi.org/10.1145/3375627.3375833},
doi = {10.1145/3375627.3375833},
booktitle = {Proceedings of the AAAI/ACM Conference on AI, Ethics, and Society},
pages = {79–85},
numpages = {7},
keywords = {black box explanations, model interpretability, user studies, user trust in machine learning},
location = {New York, NY, USA},
series = {AIES '20}
}

@inproceedings{adebayo2018sanity,
author = {Adebayo, Julius and Gilmer, Justin and Muelly, Michael and Goodfellow, Ian and Hardt, Moritz and Kim, Been},
title = {Sanity checks for saliency maps},
year = {2018},
publisher = {Curran Associates Inc.},
address = {Red Hook, NY, USA},
booktitle = {Proceedings of the 32nd International Conference on Neural Information Processing Systems},
pages = {9525–9536},
numpages = {12},
location = {Montr\'{e}al, Canada},
series = {NIPS'18}
}

@inproceedings{heidari2021perceptions,
author = {Heidari, Hoda and Barocas, Solon and Kleinberg, Jon and Levy, Karen},
title = {On Modeling Human Perceptions of Allocation Policies with Uncertain Outcomes},
year = {2021},
isbn = {9781450385541},
publisher = {Association for Computing Machinery},
address = {New York, NY, USA},
url = {https://doi.org/10.1145/3465456.3467617},
doi = {10.1145/3465456.3467617},
booktitle = {Proceedings of the 22nd ACM Conference on Economics and Computation},
pages = {589–609},
numpages = {21},
keywords = {benefit maximization, harm minimization, human perceptions, probability weighting, uncertain allocations},
location = {Budapest, Hungary},
series = {EC '21}
}

@article{kahnemann1979prospect,
  title={Prospect theory: A decision making under risk},
  author={Kahnemann, D and Tversky, Amos},
  journal={Econometrica},
  volume={47},
  number={2},
  pages={263--291},
  year={1979}
}

@article{judgement1974tverskykahneman,
author = {Amos Tversky  and Daniel Kahneman },
title = {Judgment under Uncertainty: Heuristics and Biases},
journal = {Science},
volume = {185},
number = {4157},
pages = {1124-1131},
year = {1974},
doi = {10.1126/science.185.4157.1124},
URL = {https://www.science.org/doi/abs/10.1126/science.185.4157.1124},
eprint = {https://www.science.org/doi/pdf/10.1126/science.185.4157.1124},
}

@Article{Morewedge2023bias,
author={Morewedge, Carey K.
and Mullainathan, Sendhil
and Naushan, Haaya F.
and Sunstein, Cass R.
and Kleinberg, Jon
and Raghavan, Manish
and Ludwig, Jens O.},
title={Human bias in algorithm design},
journal={Nature Human Behaviour},
year={2023},
month={Nov},
day={01},
volume={7},
number={11},
pages={1822-1824},
issn={2397-3374},
doi={10.1038/s41562-023-01724-4},
url={https://doi.org/10.1038/s41562-023-01724-4}
}

@article{inversion2024kleinberg,
author = {Jon Kleinberg and Jens Ludwig and Sendhil Mullainathan and Manish Raghavan},
title ={The Inversion Problem: Why Algorithms Should Infer Mental State and Not Just Predict Behavior},
journal = {Perspectives on Psychological Science},
volume = {19},
number = {5},
pages = {827-838},
year = {2024},
doi = {10.1177/17456916231212138},
    note ={PMID: 38085919},
URL = { 
    https://doi.org/10.1177/17456916231212138
},
eprint = {     
    https://doi.org/10.1177/17456916231212138
}
}

@article{zhu2024capturingcomplexityhumanstrategic,
  title={Capturing the complexity of human strategic decision-making with machine learning},
  author={Zhu, Jian-Qiao and Peterson, Joshua C and Enke, Benjamin and Griffiths, Thomas L},
  journal={arXiv preprint arXiv:2408.07865},
  year={2024}
}

@article{liu2024largelanguagemodelsassume,
  title={Large Language Models Assume People are More Rational than We Really are},
  author={Liu, Ryan and Geng, Jiayi and Peterson, Joshua C and Sucholutsky, Ilia and Griffiths, Thomas L},
  journal={arXiv preprint arXiv:2406.17055},
  year={2024}
}

@article{ethayarajh2024ktomodelalignmentprospect,
  title={Kto: Model alignment as prospect theoretic optimization},
  author={Ethayarajh, Kawin and Xu, Winnie and Muennighoff, Niklas and Jurafsky, Dan and Kiela, Douwe},
  journal={arXiv preprint arXiv:2402.01306},
  year={2024}
}

@inproceedings{mohlmann2017hands,
  title={Hands on the wheel: Navigating algorithmic management and Uber drivers’},
  author={M{\"o}hlmann, Marieke and Zalmanson, Lior},
  booktitle={Autonomy’, in proceedings of the international conference on information systems (ICIS), Seoul South Korea},
  pages={10--13},
  year={2017}
}

@article{burrell2019users,
  title={When users control the algorithms: values expressed in practices on twitter},
  author={Burrell, Jenna and Kahn, Zoe and Jonas, Anne and Griffin, Daniel},
  journal={Proceedings of the ACM on Human-Computer Interaction},
  volume={3},
  number={CSCW},
  pages={1--20},
  year={2019},
  publisher={ACM New York, NY, USA}
}

@inproceedings{eslami2016first,
author = {Eslami, Motahhare and Karahalios, Karrie and Sandvig, Christian and Vaccaro, Kristen and Rickman, Aimee and Hamilton, Kevin and Kirlik, Alex},
title = {{First I "like" It, Then I Hide It: Folk Theories of Social Feeds}},
year = {2016},
url = {https://doi.org/10.1145/2858036.2858494},
booktitle = {Proceedings of the 2016 CHI Conference on Human Factors in Computing Systems},
pages = {2371–2382},
series = {CHI '16}
}

@inproceedings{zhang2022fairness,
  title={Fairness interventions as (dis) incentives for strategic manipulation},
  author={Zhang, Xueru and Khalili, Mohammad Mahdi and Jin, Kun and Naghizadeh, Parinaz and Liu, Mingyan},
  booktitle={International Conference on Machine Learning},
  pages={26239--26264},
  year={2022},
  organization={PMLR}
}

@article{alhanouti2024could, 
  title={Could Anticipating Gaming Incentivize Improvement in (Fair) Startegic Classification?},
  author={Alhanouti, Sura and Naghizadeh, Parinaz},
  journal={The IEEE Control and Decisions Conference (CDC)},
  year={2024}
}

@inproceedings{bechavod2021gaming,
  title={Gaming helps! learning from strategic interactions in natural dynamics},
  author={Bechavod, Yahav and Ligett, Katrina and Wu, Steven and Ziani, Juba},
  booktitle={International Conference on Artificial Intelligence and Statistics},
  year={2021}
}

@article{systematic2023nauta,
author = {Nauta, Meike and Trienes, Jan and Pathak, Shreyasi and Nguyen, Elisa and Peters, Michelle and Schmitt, Yasmin and Schl\"{o}tterer, J\"{o}rg and van Keulen, Maurice and Seifert, Christin},
title = {From Anecdotal Evidence to Quantitative Evaluation Methods: A Systematic Review on Evaluating Explainable AI},
year = {2023},
issue_date = {December 2023},
publisher = {Association for Computing Machinery},
address = {New York, NY, USA},
volume = {55},
number = {13s},
issn = {0360-0300},
url = {https://doi.org/10.1145/3583558},
doi = {10.1145/3583558},
journal = {ACM Comput. Surv.},
month = jul,
articleno = {295},
numpages = {42},
keywords = {XAI, explainable AI, quantitative evaluation methods, interpretability, explainability, evaluation, interpretable machine learning, Explainable artificial intelligence}
}

@ARTICLE{peeking2018adadi,
  author={Adadi, Amina and Berrada, Mohammed},
  journal={IEEE Access}, 
  title={Peeking Inside the Black-Box: A Survey on Explainable Artificial Intelligence (XAI)}, 
  year={2018},
  volume={6},
  number={},
  pages={52138-52160},
  keywords={Conferences;Machine learning;Market research;Prediction algorithms;Machine learning algorithms;Biological system modeling;Explainable artificial intelligence;interpretable machine learning;black-box models},
  doi={10.1109/ACCESS.2018.2870052}}

@inproceedings{ribeiro2016lime,
author = {Ribeiro, Marco Tulio and Singh, Sameer and Guestrin, Carlos},
title = {"Why Should I Trust You?": Explaining the Predictions of Any Classifier},
year = {2016},
isbn = {9781450342322},
publisher = {Association for Computing Machinery},
address = {New York, NY, USA},
url = {https://doi.org/10.1145/2939672.2939778},
doi = {10.1145/2939672.2939778},
booktitle = {Proceedings of the 22nd ACM SIGKDD International Conference on Knowledge Discovery and Data Mining},
pages = {1135–1144},
numpages = {10},
keywords = {interpretable machine learning, interpretability, explaining machine learning, black box classifier},
location = {San Francisco, California, USA},
series = {KDD '16}
}

@inproceedings{lundberg2017shap,
 author = {Lundberg, Scott M and Lee, Su-In},
 booktitle = {Advances in Neural Information Processing Systems},
 editor = {I. Guyon and U. Von Luxburg and S. Bengio and H. Wallach and R. Fergus and S. Vishwanathan and R. Garnett},
 pages = {},
 publisher = {Curran Associates, Inc.},
 title = {A Unified Approach to Interpreting Model Predictions},
 url = {https://proceedings.neurips.cc/paper_files/paper/2017/file/8a20a8621978632d76c43dfd28b67767-Paper.pdf},
 volume = {30},
 year = {2017}
}

@article{mohseni2021survey,
author = {Mohseni, Sina and Zarei, Niloofar and Ragan, Eric D.},
title = {A Multidisciplinary Survey and Framework for Design and Evaluation of Explainable AI Systems},
year = {2021},
issue_date = {December 2021},
publisher = {Association for Computing Machinery},
address = {New York, NY, USA},
volume = {11},
number = {3–4},
issn = {2160-6455},
url = {https://doi.org/10.1145/3387166},
doi = {10.1145/3387166},
journal = {ACM Trans. Interact. Intell. Syst.},
month = sep,
articleno = {24},
numpages = {45},
keywords = {Explainable artificial intelligence (XAI), human-computer interaction (HCI), machine learning, explanation, transparency}
}

@inproceedings{lakkaraju2016decisionsets,
author = {Lakkaraju, Himabindu and Bach, Stephen H. and Leskovec, Jure},
title = {Interpretable Decision Sets: A Joint Framework for Description and Prediction},
year = {2016},
isbn = {9781450342322},
publisher = {Association for Computing Machinery},
address = {New York, NY, USA},
url = {https://doi.org/10.1145/2939672.2939874},
doi = {10.1145/2939672.2939874},
booktitle = {Proceedings of the 22nd ACM SIGKDD International Conference on Knowledge Discovery and Data Mining},
pages = {1675–1684},
numpages = {10},
keywords = {submodularity, interpretable machine learning, decision sets, classification},
location = {San Francisco, California, USA},
series = {KDD '16}
}

@article{hong2020humanfactors,
author = {Hong, Sungsoo Ray and Hullman, Jessica and Bertini, Enrico},
title = {Human Factors in Model Interpretability: Industry Practices, Challenges, and Needs},
year = {2020},
issue_date = {May 2020},
publisher = {Association for Computing Machinery},
address = {New York, NY, USA},
volume = {4},
number = {CSCW1},
url = {https://doi.org/10.1145/3392878},
doi = {10.1145/3392878},
journal = {Proc. ACM Hum.-Comput. Interact.},
month = may,
articleno = {68},
numpages = {26},
keywords = {data scientist, domain expert, empirical study, explainable AI, group work, machine learning, mental model, model interpretability, sense-making, subject matter expert}
}

@inproceedings{poursabzi2021manipulating,
author = {Poursabzi-Sangdeh, Forough and Goldstein, Daniel G and Hofman, Jake M and Wortman Vaughan, Jennifer Wortman and Wallach, Hanna},
title = {Manipulating and Measuring Model Interpretability},
year = {2021},
isbn = {9781450380966},
publisher = {Association for Computing Machinery},
address = {New York, NY, USA},
url = {https://doi.org/10.1145/3411764.3445315},
doi = {10.1145/3411764.3445315},
booktitle = {Proceedings of the 2021 CHI Conference on Human Factors in Computing Systems},
articleno = {237},
numpages = {52},
keywords = {machine-assisted decision making, interpretability, human-centered machine learning},
location = {Yokohama, Japan},
series = {CHI '21}
}

@misc{kristen2024,
      title={Identifying and Addressing Barriers to Explainability Evaluations}, 
      author={Anonymous},
      year={2024}, 
      note={This is drawn from work by the authors that is currently under review. It includes--and lighly edits--questions drawn from~~Mohseni et al. 2021}
}

@article{ALI2023101805,
title = {Explainable Artificial Intelligence (XAI): What we know and what is left to attain Trustworthy Artificial Intelligence},
journal = {Information Fusion},
volume = {99},
pages = {101805},
year = {2023},
issn = {1566-2535},
doi = {https://doi.org/10.1016/j.inffus.2023.101805},
url = {https://www.sciencedirect.com/science/article/pii/S1566253523001148},
author = {Sajid Ali and Tamer Abuhmed and Shaker El-Sappagh and Khan Muhammad and Jose M. Alonso-Moral and Roberto Confalonieri and Riccardo Guidotti and Javier {Del Ser} and Natalia Díaz-Rodríguez and Francisco Herrera},
keywords = {Explainable Artificial Intelligence, Interpretable machine learning, Trustworthy AI, AI principles, Post-hoc explainability, XAI assessment, Data Fusion, Deep Learning},
}

@article{freitas2014position,
author = {Freitas, Alex A.},
title = {Comprehensible classification models: a position paper},
year = {2014},
issue_date = {June 2013},
publisher = {Association for Computing Machinery},
address = {New York, NY, USA},
volume = {15},
number = {1},
issn = {1931-0145},
url = {https://doi.org/10.1145/2594473.2594475},
doi = {10.1145/2594473.2594475},
journal = {SIGKDD Explor. Newsl.},
month = mar,
pages = {1–10},
numpages = {10},
keywords = {Bayesian network classifiers, decision table, decision tree, monotonicity constraint, nearest neighbors, rule induction}
}

@inproceedings{kulesza2015principles,
author = {Kulesza, Todd and Burnett, Margaret and Wong, Weng-Keen and Stumpf, Simone},
title = {Principles of Explanatory Debugging to Personalize Interactive Machine Learning},
year = {2015},
isbn = {9781450333061},
publisher = {Association for Computing Machinery},
address = {New York, NY, USA},
url = {https://doi.org/10.1145/2678025.2701399},
doi = {10.1145/2678025.2701399},
booktitle = {Proceedings of the 20th International Conference on Intelligent User Interfaces},
pages = {126–137},
numpages = {12},
keywords = {end user programming, interactive machine learning},
location = {Atlanta, Georgia, USA},
series = {IUI '15}
}

@inproceedings{sixt2022do,
title={Do Users Benefit From Interpretable Vision? A User Study, Baseline, And Dataset},
author={Leon Sixt and Martin Schuessler and Oana-Iuliana Popescu and Philipp Wei{\ss} and Tim Landgraf},
booktitle={International Conference on Learning Representations},
year={2022},
url={https://openreview.net/forum?id=v6s3HVjPerv}
}

@inproceedings{ustun2019recourse,
author = {Ustun, Berk and Spangher, Alexander and Liu, Yang},
title = {Actionable Recourse in Linear Classification},
year = {2019},
isbn = {9781450361255},
publisher = {Association for Computing Machinery},
address = {New York, NY, USA},
url = {https://doi.org/10.1145/3287560.3287566},
doi = {10.1145/3287560.3287566},
booktitle = {Proceedings of the Conference on Fairness, Accountability, and Transparency},
pages = {10–19},
numpages = {10},
keywords = {accountability, audit, classification, credit scoring, integer programming, recourse},
location = {Atlanta, GA, USA},
series = {FAT* '19}
}

@article{karimi2022recoursesurvey,
author = {Karimi, Amir-Hossein and Barthe, Gilles and Sch\"{o}lkopf, Bernhard and Valera, Isabel},
title = {A Survey of Algorithmic Recourse: Contrastive Explanations and Consequential Recommendations},
year = {2022},
issue_date = {May 2023},
publisher = {Association for Computing Machinery},
address = {New York, NY, USA},
volume = {55},
number = {5},
issn = {0360-0300},
url = {https://doi.org/10.1145/3527848},
doi = {10.1145/3527848},
journal = {ACM Comput. Surv.},
month = dec,
articleno = {95},
numpages = {29},
keywords = {contrastive explanations and consequential recommendations, Algorithmic recourse}
}

@inproceedings{karimi2021algorithmicrecourse,
author = {Karimi, Amir-Hossein and Sch\"{o}lkopf, Bernhard and Valera, Isabel},
title = {Algorithmic Recourse: from Counterfactual Explanations to Interventions},
year = {2021},
isbn = {9781450383097},
publisher = {Association for Computing Machinery},
address = {New York, NY, USA},
url = {https://doi.org/10.1145/3442188.3445899},
doi = {10.1145/3442188.3445899},
booktitle = {Proceedings of the 2021 ACM Conference on Fairness, Accountability, and Transparency},
pages = {353–362},
numpages = {10},
keywords = {minimal interventions, explainable artificial intelligence, counterfactual explanations, contrastive explanations, consequential recommendations, causal inference, algorithmic recourse},
location = {Virtual Event, Canada},
series = {FAccT '21}
}

@article{cohen2024bayesian,
  title={Bayesian Strategic Classification},
  author={Cohen, Lee and Sharifi-Malvajerdi, Saeed and Stangl, Kevin and Vakilian, Ali and Ziani, Juba},
  journal={arXiv preprint arXiv:2402.08758},
  year={2024}
}

@article{haghtalab2023calibratedstackelberggameslearning,
  title={Calibrated stackelberg games: Learning optimal commitments against calibrated agents},
  author={Haghtalab, Nika and Podimata, Chara and Yang, Kunhe},
  journal={Advances in Neural Information Processing Systems},
  volume={36},
  year={2024}
}

@article{harris2022bayesian,
  title={Bayesian persuasion for algorithmic recourse},
  author={Harris, Keegan and Chen, Valerie and Kim, Joon and Talwalkar, Ameet and Heidari, Hoda and Wu, Steven Z},
  journal={Advances in Neural Information Processing Systems},
  volume={35},
  pages={11131--11144},
  year={2022}
}

@inproceedings{Ghalme2021StrategicCI,
  title={Strategic Classification in the Dark},
  author={Ganesh Ghalme and Vineet Jagadeesan Nair and Itay Eilat and Inbal Talgam-Cohen and Nir Rosenfeld},
  booktitle={International Conference on Machine Learning},
  year={2021},
  url={https://api.semanticscholar.org/CorpusID:232013502}
}

@inproceedings{ahmadi2021strategic,
  title={The strategic perceptron},
  author={Ahmadi, Saba and Beyhaghi, Hedyeh and Blum, Avrim and Naggita, Keziah},
  booktitle={Proceedings of the 22nd ACM Conference on Economics and Computation},
  pages={6--25},
  year={2021}
}

@inproceedings{dong2018strategic,
  title={Strategic classification from revealed preferences},
  author={Dong, Jinshuo and Roth, Aaron and Schutzman, Zachary and Waggoner, Bo and Wu, Zhiwei Steven},
  booktitle={Proceedings of the 2018 ACM Conference on Economics and Computation},
  pages={55--70},
  year={2018}
}

@article{chen2023persuading,
  title={Persuading a behavioral agent: Approximately best responding and learning},
  author={Chen, Yiling and Lin, Tao},
  journal={arXiv preprint arXiv:2302.03719},
  year={2023}
}

@article{de2022non,
  title={Non-bayesian persuasion},
  author={de Clippel, Geoffroy and Zhang, Xu},
  journal={Journal of Political Economy},
  volume={130},
  number={10},
  pages={2594--2642},
  year={2022},
  publisher={The University of Chicago Press Chicago, IL}
}

@article{vasconcelos2023explanations,
  title={Explanations can reduce overreliance on ai systems during decision-making},
  author={Vasconcelos, Helena and J{\"o}rke, Matthew and Grunde-McLaughlin, Madeleine and Gerstenberg, Tobias and Bernstein, Michael S and Krishna, Ranjay},
  journal={Proceedings of the ACM on Human-Computer Interaction},
  volume={7},
  number={CSCW1},
  pages={1--38},
  year={2023},
  publisher={ACM New York, NY, USA}
}

@article{passi2022overreliance,
  title={Overreliance on AI literature review},
  author={Passi, Samir and Vorvoreanu, Mihaela},
  journal={Microsoft Research},
  year={2022}
}

@article{buccinca2021trust,
  title={To trust or to think: cognitive forcing functions can reduce overreliance on AI in AI-assisted decision-making},
  author={Bu{\c{c}}inca, Zana and Malaya, Maja Barbara and Gajos, Krzysztof Z},
  journal={Proceedings of the ACM on Human-computer Interaction},
  volume={5},
  number={CSCW1},
  pages={1--21},
  year={2021},
  publisher={ACM New York, NY, USA}
}